@Book{reddragon,
    author = {Alfred Aho and Ravi Sethi and Jeffrey Ullman},
    title = {Compilers, principles, techniques, and tools},
    publisher = {Addison-Wesley Pub. Co},
    year = {1986},
    address = {Reading, Mass},
    isbn = {9780201100884}
}

@Book{cpl,
     author = {Brian Kernighan and Dennis Ritchie},
     title = {The C programming language},
     publisher = {Prentice Hall},
     year = {1988},
     address = {Englewood Cliffs, N.J},
}
